@article{Betting_Against,
author = {Andrea Frazzini, Lasse H. Pedersen},
journal = "Journal of Financial Economics",
title = {{Betting Against Beta}},
year = {2013},
}

@article{LASA,
author = {Jianqing Fan, Jingjin Zhang \& Ke Yu's},
journal = "Journal of the American Statistical Association",
title = {{Vast Portfolio Selection With Gross-Exposure Constraints}},
year = {2012},
}

@article{Shirnkage,
author = {Olivier Ledoit, Michael Wolf},
title = {{Honey, I Shrunk the Sample Covariance Matrix}},
year = {2003},
}

@article{RiskParity,
author = {Clifford S. Asness, Andrea Frazzini, Lasse H. Pedersen},
title = {{Leverage Aversion and Risk Parity}},
year = {2012},
}

@article{Fortune,
author = {Fortune Magazine},
title = {{Warren Buffett Scorches the Hedge Funds}},
year = {2017},
}


